@article{testcitation,
	author		= {Tijme Gommers},
	title		= {This is a test citation that links to my homepage},
	year		= {2017},
	note		= "\url{https://finnwea.com}"
}
